# Key format: first author's last name, other authors' last name initials, four-digit year
# Otherwise stick as close to DPLB (https://dblp.org/) format as possible.
# Sort by key, alphabetically.
@inproceedings{Bar-HaimEFKLS2020,
  author    = {Roy Bar{-}Haim and Lilach Eden and Roni Friedman and Yoav Kantor and Dan Lahav and Noam Slonim},
  editor    = {Dan Jurafsky and Joyce Chai and Natalie Schluter and Joel R. Tetreault},
  title     = {From Arguments to Key Points: Towards Automatic Argument Summarization},
  booktitle = {Proceedings of the 58th Annual Meeting of the Association for Computational Linguistics, {ACL} 2020, Online, July 5-10, 2020},
  pages     = {4029--4039},
  publisher = {Association for Computational Linguistics},
  year      = {2020},
  url       = {https://doi.org/10.18653/v1/2020.acl-main.371},
  doi       = {10.18653/v1/2020.acl-main.371},
  timestamp = {Fri, 08 Jan 2021 21:20:21 +0100},
  biburl    = {https://dblp.org/rec/conf/acl/Bar-HaimEFKLS20.bib},
  bibsource = {dblp computer science bibliography, https://dblp.org}
}
@inproceedings{Bar-HaimKEFLS2020,
  author    = {Roy Bar{-}Haim and Yoav Kantor and Lilach Eden and Roni Friedman and Dan Lahav and Noam Slonim},
  editor    = {Bonnie Webber and Trevor Cohn and Yulan He and Yang Liu},
  title     = {Quantitative argument summarization and beyond: Cross-domain key point analysis},
  booktitle = {Proceedings of the 2020 Conference on Empirical Methods in Natural Language Processing, {EMNLP} 2020, Online, November 16-20, 2020},
  pages     = {39--49},
  publisher = {Association for Computational Linguistics},
  year      = {2020},
  url       = {https://doi.org/10.18653/v1/2020.emnlp-main.3},
  doi       = {10.18653/v1/2020.emnlp-main.3},
  timestamp = {Fri, 08 Jan 2021 21:20:52 +0100},
  biburl    = {https://dblp.org/rec/conf/emnlp/Bar-HaimKEFLS20.bib},
  bibsource = {dblp computer science bibliography, https://dblp.org}
}
@inproceedings{ChowandaSSS2017,
  author    = {Alan Darmasaputra Chowanda and Albert Richard Sanyoto and Derwin Suhartono and Criscentia Jessica Setiadi},
  title     = {Automatic Debate Text Summarization in Online Debate Forum},
  booktitle = {{ICCSCI}},
  pages     = {11--19},
  year      = {2017},
  url       = {https://doi.org/10.1016/j.procs.2017.10.003},
  doi       = {10.1016/j.procs.2017.10.003},
  timestamp = {Thu, 24 Sep 2020 16:46:37 +0200},
  biburl    = {https://dblp.org/rec/conf/iccsci/ChowandaSSS17.bib},
  bibsource = {dblp computer science bibliography, https://dblp.org}
}
@inproceedings{GretzFCTLAS2020,
  author    = {Shai Gretz and Roni Friedman and Edo Cohen{-}Karlik and Assaf Toledo and Dan Lahav and Ranit Aharonov and Noam Slonim},
  title     = {A Large-Scale Dataset for Argument Quality Ranking: Construction and Analysis},
  booktitle = {The Thirty-Fourth {AAAI} Conference on Artificial Intelligence, {AAAI} 2020, The Thirty-Second Innovative Applications of Artificial Intelligence Conference, {IAAI} 2020, The Tenth {AAAI} Symposium on Educational Advances in Artificial Intelligence, {EAAI} 2020, New York, NY, USA, February 7-12, 2020},
  pages     = {7805--7813},
  publisher = {{AAAI} Press},
  year      = {2020},
  url       = {https://aaai.org/ojs/index.php/AAAI/article/view/6285},
  timestamp = {Tue, 02 Feb 2021 08:00:03 +0100},
  biburl    = {https://dblp.org/rec/conf/aaai/GretzFCTLAS20.bib},
  bibsource = {dblp computer science bibliography, https://dblp.org}
}
@inproceedings{HanselowskiSSCC2018,
  author    = {Andreas Hanselowski and Avinesh P. V. S. and Benjamin Schiller and Felix Caspelherr and Debanjan Chaudhuri and Christian M. Meyer and Iryna Gurevych},
  editor    = {Emily M. Bender and Leon Derczynski and Pierre Isabelle},
  title     = {A Retrospective Analysis of the Fake News Challenge Stance-Detection Task},
  booktitle = {Proceedings of the 27th International Conference on Computational Linguistics, {COLING} 2018, Santa Fe, New Mexico, USA, August 20-26, 2018},
  pages     = {1859--1874},
  publisher = {Association for Computational Linguistics},
  year      = {2018},
  url       = {https://www.aclweb.org/anthology/C18-1158/},
  timestamp = {Mon, 16 Sep 2019 17:08:53 +0200},
  biburl    = {https://dblp.org/rec/conf/coling/HanselowskiSSCC18.bib},
  bibsource = {dblp computer science bibliography, https://dblp.org}
}
@article{OllingerDSBS2020,
  author    = {Stefan Ollinger and Lorik Dumani and Premtim Sahitaj and Ralph Bergmann and Ralf Schenkel},
  title     = {Same Side Stance Classification Task: Facilitating Argument Stance Classification by Fine-tuning a {BERT} Model},
  journal   = {CoRR},
  volume    = {abs/2004.11163},
  year      = {2020},
  url       = {https://arxiv.org/abs/2004.11163},
  archivePrefix = {arXiv},
  eprint    = {2004.11163},
  timestamp = {Tue, 28 Apr 2020 16:10:02 +0200},
  biburl    = {https://dblp.org/rec/journals/corr/abs-2004-11163.bib},
  bibsource = {dblp computer science bibliography, https://dblp.org}
}
@article{Porter1980,
  author    = {Martin F. Porter},
  title     = {An algorithm for suffix stripping},
  journal   = {Program},
  volume    = {14},
  number    = {3},
  pages     = {130--137},
  year      = {1980},
  url       = {https://doi.org/10.1108/eb046814},
  doi       = {10.1108/eb046814},
  timestamp = {Wed, 14 Nov 2018 10:27:00 +0100},
  biburl    = {https://dblp.org/rec/journals/program/Porter80.bib},
  bibsource = {dblp computer science bibliography, https://dblp.org}
}
@article{SanchanAB2017,
  author    = {Nattapong Sanchan and Ahmet Aker and Kalina Bontcheva},
  title     = {Automatic Summarization of Online Debates},
  journal   = {CoRR},
  volume    = {abs/1708.04587},
  year      = {2017},
  url       = {http://arxiv.org/abs/1708.04587},
  archivePrefix = {arXiv},
  eprint    = {1708.04587},
  timestamp = {Mon, 13 Aug 2018 16:49:07 +0200},
  biburl    = {https://dblp.org/rec/journals/corr/abs-1708-04587.bib},
  bibsource = {dblp computer science bibliography, https://dblp.org}
}
@inproceedings{StabMSRG2018,
  author    = {Christian Stab and Tristan Miller and Benjamin Schiller and Pranav Rai and Iryna Gurevych},
  editor    = {Ellen Riloff and David Chiang and Julia Hockenmaier and Jun'ichi Tsujii},
  title     = {Cross-topic Argument Mining from Heterogeneous Sources},
  booktitle = {Proceedings of the 2018 Conference on Empirical Methods in Natural Language Processing, Brussels, Belgium, October 31 - November 4, 2018},
  pages     = {3664--3674},
  publisher = {Association for Computational Linguistics},
  year      = {2018},
  url       = {https://doi.org/10.18653/v1/d18-1402},
  doi       = {10.18653/v1/d18-1402},
  timestamp = {Tue, 28 Jan 2020 10:28:47 +0100},
  biburl    = {https://dblp.org/rec/conf/emnlp/StabMSRG18.bib},
  bibsource = {dblp computer science bibliography, https://dblp.org}
}
