// Always sort alphabetically by first author's last name.
// Prefer https://dblp.org/ bibliography entries over https://scholar.google.de/ or others.
@inproceedings{ajjour2019modeling,
  title={Modeling frames in argumentation},
  author={Ajjour, Yamen and Alshomary, Milad and Wachsmuth, Henning and Stein, Benno},
  booktitle={Proceedings of the 2019 Conference on Empirical Methods in Natural Language Processing and the 9th International Joint Conference on Natural Language Processing (EMNLP-IJCNLP)},
  pages={2915--2925},
  year={2019}
}
@inproceedings{Bar-HaimEFKLS2020,
  author    = {Roy Bar{-}Haim and Lilach Eden and Roni Friedman and Yoav Kantor and Dan Lahav and Noam Slonim},
  editor    = {Dan Jurafsky and Joyce Chai and Natalie Schluter and Joel R. Tetreault},
  title     = {From Arguments to Key Points: Towards Automatic Argument Summarization},
  booktitle = {Proceedings of the 58th Annual Meeting of the Association for Computational Linguistics, {ACL} 2020, Online, July 5-10, 2020},
  pages     = {4029--4039},
  publisher = {Association for Computational Linguistics},
  year      = {2020},
  url       = {https://doi.org/10.18653/v1/2020.acl-main.371},
  doi       = {10.18653/v1/2020.acl-main.371},
  timestamp = {Fri, 08 Jan 2021 21:20:21 +0100},
  biburl    = {https://dblp.org/rec/conf/acl/Bar-HaimEFKLS20.bib},
  bibsource = {dblp computer science bibliography, https://dblp.org}
}
@inproceedings{Bar-HaimKEFLS2020,
  author    = {Roy Bar{-}Haim and Yoav Kantor and Lilach Eden and Roni Friedman and Dan Lahav and Noam Slonim},
  editor    = {Bonnie Webber and Trevor Cohn and Yulan He and Yang Liu},
  title     = {Quantitative argument summarization and beyond: Cross-domain key point analysis},
  booktitle = {Proceedings of the 2020 Conference on Empirical Methods in Natural Language Processing, {EMNLP} 2020, Online, November 16-20, 2020},
  pages     = {39--49},
  publisher = {Association for Computational Linguistics},
  year      = {2020},
  url       = {https://doi.org/10.18653/v1/2020.emnlp-main.3},
  doi       = {10.18653/v1/2020.emnlp-main.3},
  timestamp = {Fri, 08 Jan 2021 21:20:52 +0100},
  biburl    = {https://dblp.org/rec/conf/emnlp/Bar-HaimKEFLS20.bib},
  bibsource = {dblp computer science bibliography, https://dblp.org}
}
@article{bilu2019argument,
  title={Argument invention from first principles},
  author={Bilu, Yonatan and Gera, Ariel and Hershcovich, Daniel and Sznajder, Benjamin and Lahav, Dan and Moshkowich, Guy and Malet, Anael and Gavron, Assaf and Slonim, Noam},
  journal={arXiv preprint arXiv:1908.08336},
  year={2019}
}
@article{day1984efficient,
  title={Efficient algorithms for agglomerative hierarchical clustering methods},
  author={Day, William HE and Edelsbrunner, Herbert},
  journal={Journal of classification},
  volume={1},
  number={1},
  pages={7--24},
  year={1984},
  publisher={Springer}
}
@inproceedings{egan2016summarising,
  title={Summarising the points made in online political debates},
  author={Egan, Charlie and Siddharthan, Advaith and Wyner, Adam},
  booktitle={Proceedings of the Third Workshop on Argument Mining (ArgMining2016)},
  pages={134--143},
  year={2016}
}
@article{entman1993framing,
  title={Framing: Toward clarification of a fractured paradigm},
  author={Entman, Robert M},
  journal={Journal of communication},
  volume={43},
  number={4},
  pages={51--58},
  year={1993},
  publisher={Wiley Online Library}
}
@inproceedings{feifei2020bert,
  title={Bert-based Siamese Network for Semantic Similarity},
  author={Feifei, Xu and Shuting, Zheng and Yu, Tian},
  booktitle={Journal of Physics: Conference Series},
  volume={1684},
  number={1},
  pages={012074},
  year={2020},
  organization={IOP Publishing}
}
@inproceedings{GretzFCTLAS2020,
  author    = {Shai Gretz and Roni Friedman and Edo Cohen{-}Karlik and Assaf Toledo and Dan Lahav and Ranit Aharonov and Noam Slonim},
  title     = {A Large-Scale Dataset for Argument Quality Ranking: Construction and Analysis},
  booktitle = {The Thirty-Fourth {AAAI} Conference on Artificial Intelligence, {AAAI} 2020, The Thirty-Second Innovative Applications of Artificial Intelligence Conference, {IAAI} 2020, The Tenth {AAAI} Symposium on Educational Advances in Artificial Intelligence, {EAAI} 2020, New York, NY, USA, February 7-12, 2020},
  pages     = {7805--7813},
  publisher = {{AAAI} Press},
  year      = {2020},
  url       = {https://aaai.org/ojs/index.php/AAAI/article/view/6285},
  timestamp = {Tue, 02 Feb 2021 08:00:03 +0100},
  biburl    = {https://dblp.org/rec/conf/aaai/GretzFCTLAS20.bib},
  bibsource = {dblp computer science bibliography, https://dblp.org}
}
@article{hanselowski2018retrospective,
  title={A retrospective analysis of the fake news challenge stance detection task},
  author={Hanselowski, Andreas and PVS, Avinesh and Schiller, Benjamin and Caspelherr, Felix and Chaudhuri, Debanjan and Meyer, Christian M and Gurevych, Iryna},
  journal={arXiv preprint arXiv:1806.05180},
  year={2018}
}
@article{hartigan1979ak,
  title={AK-means clustering algorithm},
  author={Hartigan, John A and Wong, Manchek A},
  journal={Journal of the Royal Statistical Society: Series C (Applied Statistics)},
  volume={28},
  number={1},
  pages={100--108},
  year={1979},
  publisher={Wiley Online Library}
}
@article{Jaccard1902,
  title={Lois de distribution florale dans la zone alpine},
  author={Jaccard, Paul},
  journal={Bull Soc Vaudoise Sci Nat},
  volume={38},
  pages={69--130},
  year={1902}
}
@article{lan2019albert,
  title={Albert: A lite bert for self-supervised learning of language representations},
  author={Lan, Zhenzhong and Chen, Mingda and Goodman, Sebastian and Gimpel, Kevin and Sharma, Piyush and Soricut, Radu},
  journal={arXiv preprint arXiv:1909.11942},
  year={2019}
}
@article{liu2019roberta,
  title={Roberta: A robustly optimized bert pretraining approach},
  author={Liu, Yinhan and Ott, Myle and Goyal, Naman and Du, Jingfei and Joshi, Mandar and Chen, Danqi and Levy, Omer and Lewis, Mike and Zettlemoyer, Luke and Stoyanov, Veselin},
  journal={arXiv preprint arXiv:1907.11692},
  year={2019}
}
@article{ollinger2020same,
  title={Same Side Stance Classification Task: Facilitating Argument Stance Classification by Fine-tuning a BERT Model},
  author={Ollinger, Stefan and Dumani, Lorik and Sahitaj, Premtim and Bergmann, Ralph and Schenkel, Ralf},
  journal={arXiv preprint arXiv:2004.11163},
  year={2020}
}
@article{Porter1980,
  title={An algorithm for suffix stripping},
  author={Porter, Martin F},
  journal={Program},
  year={1980},
  publisher={MCB UP Ltd}
}
@article{reimers2019classification,
  title={Classification and clustering of arguments with contextualized word embeddings},
  author={Reimers, Nils and Schiller, Benjamin and Beck, Tilman and Daxenberger, Johannes and Stab, Christian and Gurevych, Iryna},
  journal={arXiv preprint arXiv:1906.09821},
  year={2019}
}
@article{reimers2019sentence,
  title={Sentence-bert: Sentence embeddings using siamese bert-networks},
  author={Reimers, Nils and Gurevych, Iryna},
  journal={arXiv preprint arXiv:1908.10084},
  year={2019}
}
@article{stab2018cross,
  title={Cross-topic argument mining from heterogeneous sources using attention-based neural networks},
  author={Stab, Christian and Miller, Tristan and Gurevych, Iryna},
  journal={arXiv preprint arXiv:1802.05758},
  year={2018}
}
